@book{Schnupp2011,
    author = {Schnupp, Jan and Nelken, Israel and King, Andrew},
    year = {2011; 2010; 2012;},
    title = {Auditory Neuroscience: Making Sense of Sound},
    publisher = {MIT Press},
    address = {Cambridge, Mass},
    abstract = {An integrated overview of hearing and the interplay of physical, biological, and psychological processes underlying it.;An integrated overview of hearing & the interplay of physical, biological & psychological processes that make it possible.;},
    keywords = {Auditory pathways; Auditory perception; Hearing; neuroscience/general},
    isbn = {026228975X; 9780262518024; 9780262289757; 0262518023; 026211318X; 9780262113182;},
    language = {English},
}

@article{Pasnau1999,
    author = {Pasnau, Robert},
    year = {1999},
    title = {What Is Sound?},
    journal = {The Philosophical quarterly},
    volume = {49},
    number = {196},
    pages = {309-324},
    issn = {0031-8094},
    language = {English},
}

@book{Plack2005,
    author = {Plack, Christopher J. and Oxenham, Andrew J. and Fay, Richard R. and Popper, Arthur N.},
    year = {2005},
    title = {Pitch: Neural Coding and Perception},
    publisher = {Springer New York},
    address = {New York, NY},
    keywords = {Auditory perception; Musical pitch},
    isbn = {0387234721; 9780387234724;},
    language = {English},
}

@article{Hudspeth2008,
    author = {Hudspeth, A.J.},
    year = {2008},
    month = {09},
    pages = {530-45},
    title = {Making an Effort to Listen: Mechanical Amplification in the Ear},
    volume = {59},
    journal = {Neuron},
    doi = {10.1016/j.neuron.2008.07.012}
}